@book{stein2008elementary,
  title={Elementary number theory: primes, congruences, and secrets: a computational approach},
  author={Stein, William},
  year={2008},
  publisher={Springer Science \& Business Media}
}
@book{takagi,
    author = {貞治, 高木},
    title = {『初等整数論講義 第2版』},
    publisher = {共立出版},
    year = {1971}
}
@inproceedings{brent2010m,
  title={An $\text{O}(\text{M}(n)\log n)$ algorithm for the Jacobi symbol},
  author={Brent, Richard P and Zimmermann, Paul},
  booktitle={International Algorithmic Number Theory Symposium},
  pages={83--95},
  year={2010},
  organization={Springer}
}
@article{baillie1980lucas,
  title={Lucas pseudoprimes},
  author={Baillie, Robert and Wagstaff, Samuel S},
  journal={Mathematics of Computation},
  volume={35},
  number={152},
  pages={1391--1417},
  year={1980}
}
@article{baillie2021strengthening,
  title={Strengthening the Baillie-PSW primality test},
  author={Baillie, Robert and Fiori, Andrew and Wagstaff Jr, Samuel},
  journal={Mathematics of Computation},
  volume={90},
  number={330},
  pages={1931--1955},
  year={2021}
}
@inproceedings{albrecht2018prime,
  title={Prime and prejudice: primality testing under adversarial conditions},
  author={Albrecht, Martin R and Massimo, Jake and Paterson, Kenneth G and Somorovsky, Juraj},
  booktitle={Proceedings of the 2018 ACM SIGSAC Conference on Computer and Communications Security},
  pages={281--298},
  year={2018}
}
@article{pomerance1984there,
  title={Are there counter-examples to the Baillie-PSW primality test},
  author={Pomerance, Carl},
  journal={Dopo Le Parole aangeboden aan Dr. AK Lenstra. Privately published Amsterdam},
  year={1984},
  publisher={Citeseer}
}
@article{pinch2007carmichael,
  title={THE CARMICHAEL NUMBERS UP TO $10^{21}$},
  author={PINCH, RICHARD GE},
  year={2007}
}